



https://www.researchgate.net/publication/326700354_Brute-force_and_dictionary_attack_on_hashed_real-world_passwords

@misc{zene,
  author       = {David Klein},
  title        = {https://www.occrp.org/en/daily/15343-report-minorities-and-women-are-more-likely-victims-of-cyber-crime},
  url          = {https://www.occrp.org/en/daily/15343-report-minorities-and-women-are-more-likely-victims-of-cyber-crime}
}

@misc{zene2,
  author       = {Ryan Morris-Reade},
  title        = {https://itbrief.co.nz/story/women-and-bame-individuals-bear-the-brunt-of-cyber-attacks-malwarebytes-research},
  url          = {https://itbrief.co.nz/story/women-and-bame-individuals-bear-the-brunt-of-cyber-attacks-malwarebytes-research}
}

@misc{spam,
  author       = {Inderscience Publishers},
  title        = {https://www.sciencedaily.com/releases/2014/11/141126111211.htm
},
  url          = {https://www.sciencedaily.com/releases/2014/11/141126111211.htm
}}

@misc{napadi,
  author       = {L. Bo≈°njak},
  title        = {https://www.researchgate.net/publication/326700354\_Brute-force\_and\_dictionary\_attack\_on\_hashed\_real-world\_passwords
},
  url          = {https://www.researchgate.net/publication/326700354\_Brute-force\_and\_dictionary\_attack\_on\_hashed\_real-world\_passwords
}
}

