% BibTex
@book{eve2014open,
  title = {Open Access and the Humanities: Contexts, Controversies and the Future},
  author = {Eve, Martin Paul},
  year = {2014},
  publisher = {Cambridge University Press},
  isbn = {9781316161012}
}

@book{suber2012access,
  title = {The Access Principle: The Case for Open Access to Research and Scholarship},
  author = {Suber, Peter},
  year = {2012},
  publisher = {MIT Press},
  isbn = {978-0-262-01962-5}
}

@article{suzuki2016learned,
  title = {A Learned Society's Perspective on Publishing},
  author = {Suzuki, K. and Edelson, A. and Iversen, L. L. and Hausmann, L. and Schulz, J. B. and Turner, A. J.},
  journal = {Journal of Neurochemistry},
  year = {2016},
  volume = {139},
  pages = {17-23},
  doi = {10.1111/jnc.13674},
  url = {https://doi.org/10.1111/jnc.13674}
}

@article{willinsky2011academic,
  title = {The Academic Ethics of Open Access to Research and Scholarship},
  author = {Willinsky, John and Alperin, Juan Pablo},
  journal = {Ethics and Education},
  year = {2011},
  volume = {6},
  number = {3},
  pages = {217-223},
  doi = {10.1080/17449642.2011.632716},
  url = {https://doi.org/10.1080/17449642.2011.632716}
}

@article{lariviere2015oligopoly,
  title = {The Oligopoly of Academic Publishers in the Digital Era},
  author = {Larivière, Vincent and Haustein, Stefanie and Mongeon, Philippe},
  journal = {PLoS ONE},
  year = {2015},
  volume = {10},
  number = {6},
  pages = {e0127502},
  doi = {10.1371/journal.pone.0127502},
  url = {https://doi.org/10.1371/journal.pone.0127502}
}

@article{himmelstein2018research,
  title = {Research: Sci-Hub provides access to nearly all scholarly literature},
  author = {Himmelstein, Daniel S and Rodriguez Romero, Ariel and Levernier, Jacob G and Munro, Thomas Anthony and McLaughlin, Stephen Reid and Greshake Tzovaras, Bastian and Greene, Casey S},
  journal = {eLife},
  year = {2018},
  volume = {7},
  pages = {e32822},
  doi = {10.7554/eLife.32822},
  url = {https://doi.org/10.7554/eLife.32822}
}

@article{bjork2017open,
  title = {Open access to scientific articles: a review of benefits and challenges},
  author = {Björk, Bo-Christer},
  journal = {Internal and Emergency Medicine},
  year = {2017},
  volume = {12},
  number = {2},
  pages = {247-253},
  doi = {10.1007/s11739-017-1603-2},
  url = {https://doi.org/10.1007/s11739-017-1603-2}
}

@book{baldwin2023athena,
  author = {Baldwin, Peter},
  title = {Athena Unbound: Why and How Scholarly Knowledge Should Be Free for All},
  publisher = {The MIT Press},
  year = {2023},
  isbn = {9780262373968},
  doi = {10.7551/mitpress/14887.001.0001},
}

@book{wrangham2019goodness,
  author = {Wrangham, Richard},
  title = {The Goodness Paradox: The Strange Relationship Between Virtue and Violence in Human Evolution},
  publisher = {Pantheon Books},
  year = {2019},
  isbn = {9781101870902},
}

@incollection{barnes2010cloistered,
  author = {Barnes, Robert},
  title = {Cloistered Bookworms in the Chicken-Coop of the Muses: The Ancient Library of Alexandria},
  booktitle = {The Library of Alexandria},
  editor = {MacLeod, Roy},
  publisher = {London},
  year = {2010},
  pages = {63-65}
}

@article{pastor2023scihub,
  author = {Pastor-Ramon, Elena and Aguirre, Oskia and García-Puente, María and Morán, José María and Herrera-Peco, Ivan},
  title = {Sci-Hub use among Spanish researchers: Enemy or a learning opportunity for libraries?},
  journal = {Journal of Information Science},
  year = {2023},
  doi = {10.1177/01655515221142432},
  url = {http://hdl.handle.net/20.500.13003/18452},
  publisher = {SAGE}
}

@misc{fastcompany,
  title = {Study: Over 50\% of Academics Admit to Pirating Research Papers},
  url = {https://www.fastcompany.com/90845744/study-over-50-of-academics-admit-to-pirating-research-papers},
  note = {Pristupljeno: 14. maja 2024.}
}

@misc{knowledge23,
  title = {Should knowledge be free?},
  url = {https://www.researchmagazine.lu.se/2014/07/22/opinion-should-knowledge-be-free/},
  note = {Pristupljeno: 14. maja 2024.}
}

@misc{alekfondacija,
  title = {Alek Kavčić fondacija},
  url = {https://fondacijaalekkavcic.org/o-nama/},
  note = {Pristupljeno: 14. maja 2024.}
}

@misc{scihubabout,
  title = {Sci-Hub},
  url = {https://www.sci-hub.se/about},
  note = {Pristupljeno: 14. maja 2024.}
}

@misc{elseviersuing,
  title = {Elsevier acts against research article pirate sites and claims irreparable harm},
  url = {https://theconversation.com/elsevier-acts-against-research-article-pirate-sites-and-claims-irreparable-harm-43293},
  note = {Pristupljeno: 14. maja 2024.}
}

@article{an2024cost,
  title = {The Cost of Knowledge: Academic Journal Pricing and Research Dissemination},
  author = {An, Yonghong and Williams, Michael A. and Xiao, Mo},
  year = {2024},
  month = {January 10},
  url = {https://ssrn.com/abstract=4691124},
  doi = {10.2139/ssrn.4691124}
}

@book{sevkusic2017open,
  author = {Ševkušić, Milica and Janković, Zorica and Kužet, Aleksandra},
  year = {2017},
  publisher = {National Library of Serbia},
  title = {Open Access Journals in Serbia: Policies and Practices},
  doi = {10.5281/zenodo.801673},
  url = {https://hdl.handle.net/21.15107/rcub_dais_903}
}

@misc{oaSerbia,
  title = {doiSerbia},
  url = {https://www.oastories.org/serbia-repository-doiserbia/},
  note = {Pristupljeno: 14. maja 2024.}
}

@misc{quote,
  title = {11 EU-landen besluiten: vanaf 2020 moet alle wetenschappelijke literatuur gratis beschikbaar zijn},
  url = {https://www.volkskrant.nl/nieuws-achtergrond/11-eu-landen-besluiten-vanaf-2020-moet-alle-wetenschappelijke-literatuur-gratis-beschikbaar-zijn~be002c39/},
  note = {Pristupljeno: 14. maja 2024.}
}


